<?xml version="1.0" encoding="UTF-8"?><collection xmlns="http://www.loc.gov/MARC21/slim"><record><leader>00396nam--2200145-i-4500</leader><controlfield tag="001">000040630</controlfield><controlfield tag="002">20161230</controlfield><controlfield tag="005">20161230201042</controlfield><controlfield tag="008">060222s1000------------r-----000-0-eng-d</controlfield><datafield ind1=" " ind2=" " tag="080"><subfield code="a">65.01</subfield></datafield><datafield ind1=" " ind2=" " tag="100"><subfield code="a">Schoderbek,Peter P</subfield></datafield><datafield ind1=" " ind2=" " tag="245"><subfield code="a">Management systems</subfield></datafield><datafield ind1=" " ind2=" " tag="260"><subfield code="a">New York, John Wiley &amp; Sons,Inc.,1971. Xiv + 561 P</subfield></datafield><datafield ind1=" " ind2=" " tag="490"><subfield code="a">The Wiley Series In Management And Administration</subfield></datafield><datafield ind1=" " ind2=" " tag="852"><subfield code="a">35270</subfield></datafield></record></collection>